<record><leader>00000cas a22000007a 4500</leader><controlfield tag="001">13663868</controlfield><controlfield tag="008">860530c19249999okuwr ne      0    0eng d</controlfield><datafield ind1=" " ind2=" " tag="010"><subfield code="a">sn 86063912 </subfield></datafield><datafield ind1=" " ind2=" " tag="040"><subfield code="a">KSH</subfield><subfield code="b">eng</subfield><subfield code="c">KSH</subfield><subfield code="d">NPT</subfield><subfield code="d">OBN</subfield><subfield code="d">OCL</subfield><subfield code="d">OCLCQ</subfield><subfield code="d">OCLCF</subfield><subfield code="d">OCLCO</subfield></datafield><datafield ind1="1" ind2=" " tag="029"><subfield code="a">AU@</subfield><subfield code="b">000022774789</subfield></datafield><datafield ind1=" " ind2=" " tag="042"><subfield code="a">msc</subfield></datafield><datafield ind1=" " ind2=" " tag="043"><subfield code="a">n-us-ok</subfield></datafield><datafield ind1="0" ind2=" " tag="130"><subfield code="a">Herald-democrat (Beaver, Okla.)</subfield></datafield><datafield ind1="1" ind2="4" tag="245"><subfield code="a">The herald-democrat.</subfield></datafield><datafield ind1=" " ind2=" " tag="260"><subfield code="a">Beaver, Beaver County, Okla. :</subfield><subfield code="b">A.I. Kimball</subfield></datafield><datafield ind1=" " ind2=" " tag="300"><subfield code="a">v.</subfield></datafield><datafield ind1=" " ind2=" " tag="310"><subfield code="a">Weekly</subfield></datafield><datafield ind1="0" ind2=" " tag="362"><subfield code="a">Vol. 37, no. 1 (July 17, 1924)- = v. 15, no. 6-</subfield></datafield><datafield ind1=" " ind2="0" tag="651"><subfield code="a">Beaver (Okla.)</subfield><subfield code="v">Newspapers.</subfield></datafield><datafield ind1=" " ind2="0" tag="651"><subfield code="a">Beaver County (Okla.)</subfield><subfield code="v">Newspapers.</subfield></datafield><datafield ind1=" " ind2="7" tag="655"><subfield code="a">Newspapers.</subfield><subfield code="2">fast</subfield><subfield code="0">(OCoLC)fst01423814</subfield></datafield><datafield ind1=" " ind2="7" tag="651"><subfield code="a">Oklahoma</subfield><subfield code="z">Beaver.</subfield><subfield code="2">fast</subfield><subfield code="0">(OCoLC)fst01221401</subfield></datafield><datafield ind1=" " ind2="7" tag="651"><subfield code="a">Oklahoma</subfield><subfield code="z">Beaver County.</subfield><subfield code="2">fast</subfield><subfield code="0">(OCoLC)fst01223114</subfield></datafield><datafield ind1=" " ind2=" " tag="752"><subfield code="a">United States</subfield><subfield code="b">Oklahoma</subfield><subfield code="c">Beaver</subfield><subfield code="d">Beaver.</subfield></datafield><datafield ind1="0" ind2="0" tag="780"><subfield code="t">Beaver herald and democrat</subfield><subfield code="w">(DLC)sn 93066075</subfield><subfield code="w">(OCoLC)28354774</subfield></datafield><datafield ind1="0" ind2="4" tag="780"><subfield code="t">Forgan eagle</subfield><subfield code="w">(DLC)sn 86063942</subfield><subfield code="w">(OCoLC)13646300</subfield></datafield><datafield ind1="0" ind2="5" tag="780"><subfield code="t">Forgan advocate</subfield><subfield code="w">(DLC)sn 93066076</subfield><subfield code="w">(OCoLC)28354866</subfield></datafield></record>